@inproceedings{hong2016,
  title={Towards SDN-Defined Programmable BYOD (Bring Your Own Device) Security},
  author={Hong, Sungmin and Baykov, Robert and Xu, Lei and Nadimpalli, Srinath and Gu, Guofei},
  booktitle={NDSS},
  year={2016},
  month=feb
}

@inproceedings{demetriou2017,
  title={HanGuard: SDN-driven protection of smart home WiFi devices from malicious mobile apps},
  author={Demetriou, Soteris and Zhang, Nan and Lee, Yeonjoon and Wang, XiaoFeng and Gunter, Carl A and Zhou, Xiaoyong and Grace, Michael},
  booktitle={Proceedings of the 10th ACM Conference on Security and Privacy in Wireless and Mobile Networks},
  pages={122--133},
  year={2017}
}

@inproceedings{yang2015,
  title={{AppContext}: Differentiating malicious and benign mobile app behaviors using context},
  author={Yang, Wei and Xiao, Xusheng and Andow, Benjamin and Li, Sihan and Xie, Tao and Enck, William},
  booktitle={2015 IEEE/ACM 37th IEEE International Conference on Software Engineering},
  volume={1},
  pages={303--313},
  year={2015},
  organization={IEEE}
}

@misc{kan2016,
    title={{Android} malware that can infiltrate corporate networks is spreading},
    url={https://www.computerworld.com/article/3126390/android-malware-that-can-infiltrate-corporate-networks-is-spreading.html},
    author={Michael Kan},
    publisher={Computerworld},
    year={2016}
}

@misc{palmer2016,
    title={Over 400 instances of Dresscode malware found on Google Play store, say researchers},
    author={Danny Palmer},
    year={2016},
    month=oct,
    publisher={ZDNet},
    url={https://www.zdnet.com/article/over-400-instances-of-dresscode-malware-found-on-google-play-store-say-researchers/}
}

@misc{wong2018,
    author={Wylie Wong},
    year={2018},
    month=sep,
    title={New Malware-as-a-Service Threat Targets {Android} Phones},
    url={https://securityintelligence.com/news/new-malware-as-a-service-threat-targets-android-phones/}
}

@misc{vijayan2020,
    author={Jai Vijayan},
    year={2020},
    month=apr,
    title={`{Unkillable}' {Android} Malware App Continues to Infect Devices Worldwide},
    url={https://www.darkreading.com/mobile/unkillable-android-malware-app-continues-to-infect-devices-worldwide/d/d-id/1337519}
}

@misc{google2020,
    url={https://support.google.com/accounts/answer/9211246?hl=en},
    author={{Google}},
    title={Security risks with modified (rooted) {Android} versions},
    year={2020}
}

@mastersthesis{chuluundorj2019,
  author={Zorigtbaatar Chuluundorj}, 
  title={Augmenting Network Flows with User Interface Context to Inform Access Control Decisions},
  school={Worcester Polytechnic Institute},
  year=2019,
  month=dec,
  url={https://digitalcommons.wpi.edu/etd-theses/1331}
}

@inproceedings{yang2013,
  title={{AppIntent}: Analyzing sensitive data transmission in {Android} for privacy leakage detection},
  author={Yang, Zhemin and Yang, Min and Zhang, Yuan and Gu, Guofei and Ning, Peng and Wang, X Sean},
  booktitle={Proceedings of the 2013 ACM SIGSAC conference on Computer \& communications security},
  pages={1043--1054},
  year={2013}
}

@misc{microsoft2018,
    url={https://docs.microsoft.com/en-us/windows/win32/winauto/entry-uiauto-win32},
    author={Microsoft},
    title={{UI} Automation - Win32 Apps | {Microsoft} Docs},
    year=2018,
    month=may
}

@misc{googledevelopers2020,
    url={https://developer.android.com/reference/android/accessibilityservice/AccessibilityService},
    title={{AccessibilityService} | {Android} Developers},
    year=2020,
    month=sep,
    author={{Google Developers}}
}

@misc{googledevelopers2020vpn,
    url={https://developer.android.com/reference/kotlin/android/net/VpnService},
    title={{VpnService} | {Android} Developers},
    year=2020,
    month=aug,
    author={{Google Developers}}
}

@inproceedings{kwon2011,
  title={Hidden bot detection by tracing non-human generated traffic at the zombie host},
  author={Kwon, Jonghoon and Lee, Jehyun and Lee, Heejo},
  booktitle={International Conference on Information Security Practice and Experience},
  pages={343--361},
  year={2011},
  organization={Springer}
}

@article{benzekki2016,
    author = {Benzekki, Kamal and El Fergougui, Abdeslam and Elbelrhiti Elalaoui, Abdelbaki},
    title = {Software-defined networking (SDN): a survey},
    journal = {Security and Communication Networks},
    volume = {9},
    number = {18},
    pages = {5803-5833},
    keywords = {software-defined networking, SDN challenges, SDN issues, SDN architecture, OpenFlow},
    doi = {10.1002/sec.1737},
    url = {https://onlinelibrary.wiley.com/doi/abs/10.1002/sec.1737},
    eprint = {https://onlinelibrary.wiley.com/doi/pdf/10.1002/sec.1737},
    abstract = {Abstract With the advent of cloud computing, many new networking concepts have been introduced to simplify network management and bring innovation through network programmability. The emergence of the software-defined networking (SDN) paradigm is one of these adopted concepts in the cloud model so as to eliminate the network infrastructure maintenance processes and guarantee easy management. In this fashion, SDN offers real-time performance and responds to high availability requirements. However, this new emerging paradigm has been facing many technological hurdles; some of them are inherent, while others are inherited from existing adopted technologies. In this paper, our purpose is to shed light on SDN related issues and give insight into the challenges facing the future of this revolutionary network model, from both protocol and architecture perspectives. Additionally, we aim to present different existing solutions and mitigation techniques that address SDN scalability, elasticity, dependability, reliability, high availability, resiliency, security, and performance concerns. Copyright © 2017 John Wiley \& Sons, Ltd.},
    year = {2016}
}

@phdthesis{taylor2017,
    title={Software-defined Networking: Improving Security for Enterprise and Home Networks},
    author={Taylor, Curtis Robin},
    year={2017},
    school={Worcester Polytechnic Institute},
    url={https://digitalcommons.wpi.edu/etd-dissertations/161/}
}

@inproceedings{fazzini2017,
  author={M. {Fazzini} and E. N. D. A. {Freitas} and S. R. {Choudhary} and A. {Orso}},
  booktitle={2017 IEEE International Conference on Software Testing, Verification and Validation (ICST)}, 
  title={Barista: A Technique for Recording, Encoding, and Running Platform Independent Android Tests}, 
  year={2017},
  volume={},
  number={},
  pages={149-160},
  doi={10.1109/ICST.2017.21}
}

@article{kim2013,
  title={Improving network management with software defined networking},
  author={Kim, Hyojoon and Feamster, Nick},
  journal={IEEE Communications Magazine},
  volume={51},
  number={2},
  pages={114--119},
  year={2013},
  publisher={IEEE}
}

@inproceedings{kalysch2018,
  title={How Android's UI Security is Undermined by Accessibility},
  author={Kalysch, Anatoli and Bove, Davide and M{\"u}ller, Tilo},
  booktitle={Proceedings of the 2nd Reversing and Offensive-oriented Trends Symposium},
  pages={1--10},
  year={2018}
}

@book{norman2013,
  title={The design of everyday things: Revised and expanded edition},
  author={Norman, Don},
  year={2013},
  publisher={Basic books}
}

@misc{uiautomator2020,
    url={https://developer.android.com/training/testing/ui-automator.html},
    title={{UI Automator} | {Android} Developers},
    year=2020,
    month=oct,
    author={{Google Developers}}
}

@article{mckeown2008,
  title={{OpenFlow}: enabling innovation in campus networks},
  author={McKeown, Nick and Anderson, Tom and Balakrishnan, Hari and Parulkar, Guru and Peterson, Larry and Rexford, Jennifer and Shenker, Scott and Turner, Jonathan},
  journal={ACM SIGCOMM computer communication review},
  volume={38},
  number={2},
  pages={69--74},
  year={2008},
  publisher={ACM New York, NY, USA}
}

@misc{accessibilityserviceguide,
  url={https://developer.android.com/guide/topics/ui/accessibility/service},
  title={Create your own accessibility service | {Android} Developers},
  author={{Google Developers}},
  month=dec,
  year={2019}
}

@misc{kaito2016,
  url={https://www.pcap4j.org/},
  title={{Pcap4J}: A {Java} library for capturing, crafting, and sending packets},
  author={Kaito Yamada},
  year={2016}
}

@misc{vpnguide,
  url={https://developer.android.com/guide/topics/connectivity/vpn},
  author={{Google Developers}},
  title={{VPN} | {Android} developers},
  year={2019},
  month=dec
}

@techreport{openflowspec,
	url={https://opennetworking.org/wp-content/uploads/2013/04/openflow-spec-v1.0.0.pdf},
	institution={{Open Networking Foundation}},
	author={{Open Networking Foundation}},
	title={OpenFlow Switch Specification},
	year={2009},
	month=dec
}

@misc{lardinois2019,
	url={https://techcrunch.com/2019/05/07/kotlin-is-now-googles-preferred-language-for-android-app-development/},
	author={Frederic Lardinois},
	title={Kotlin is now Google’s preferred language for Android app
		development},
	year={2019},
	month=may,
	publisher={TechCrunch}
}

@misc{erickson2011,
	title={Open Networking Foundation Formed to Speed Network Innovation},
	url={https://web.archive.org/web/20140116023421/http://archive.openflow.org/wp/2011/03/open-networking-foundation-formed-to-speed-network-innovation/},
	author={David Erickson},
	year={2011},
	month=mar
}

@misc{mccauley2015,
	title={The {POX} network software platform},
	url={https://noxrepo.github.io/pox-doc/html/},
	author={Murphy McCauley},
	year={2015}
}

@misc{androidprofiler,
	title={Measure app performance with {Android Profiler}},
	url={https://developer.android.com/studio/profile/android-profiler},
	year={2020},
	month=oct,
	author={{Google Developers}}
}

@misc{androidsystemclock,
	title={SystemClock},
	url={https://developer.android.com/reference/android/os/SystemClock},
	year={2021},
	month=feb,
	author={{Google Developers}}
}

@misc{statcounter2021,
	title={Mobile operating system market share worldwide},
	url={https://gs.statcounter.com/os-market-share/mobile/worldwide/2021},
	year=2021,
	month=mar,
	author={{StatCounter}}
}

@inproceedings{dixit2013,
  title={Towards an elastic distributed SDN controller},
  author={Dixit, Advait and Hao, Fang and Mukherjee, Sarit and Lakshman, TV and
	  Kompella, Ramana},
  booktitle={Proceedings of the second ACM SIGCOMM workshop on Hot topics in
	  software defined networking},
  pages={7--12},
  year={2013}
}

@inproceedings{taylor2017shue,
	title={On the feasibility of cloud-based SDN controllers for residential networks},
	author={Taylor, Curtis R and Guo, Tian and Shue, Craig A and Najd, Mohamed E},
	booktitle={2017 IEEE Conference on Network Function Virtualization and Software Defined Networks (NFV-SDN)},
	pages={1--6},
	year={2017},
	organization={IEEE}
}

@article{oktian2017,
	title={Distributed SDN controller system: A survey on design choice},
	author={Oktian, Yustus Eko and Lee, SangGon and Lee, HoonJae and Lam, JunHuy},
	journal={computer networks},
	volume={121},
	pages={100--111},
	year={2017},
	publisher={Elsevier}
}

@inproceedings{shirley2008,
	title={The user is not the enemy: Fighting malware by tracking user intentions},
	author={Shirley, Jeffrey and Evans, David},
	booktitle={Proceedings of the 2008 New Security Paradigms Workshop},
	pages={33--45},
	year={2008}
}

@misc{ohye2010,
	title={You and site performance, sitting in a tree...},
	url={https://developers.google.com/search/blog/2010/05/you-and-site-performance-sitting-in},
	year=2010,
	month=may,
	author={Maile Ohye}
}

@misc{bird2020,
	url={https://www.semrush.com/blog/how-fast-is-fast-enough-page-load-time-and-your-bottom-line/},
	title={What Is a Good Page Load Time for {SEO} – How Fast is Fast Enough?},
	author={Cami Bird},
	year=2020,
	month=dec
}

@inproceedings{cui2005,
	title={BINDER: An extrusion-based break-in detector for personal
	computers},
	author={Cui, Weidong and Katz, Randy H and Tan, Wai-tian},
	booktitle={USENIX Annual Technical Conference, General Track},
	pages={363--366},
	year={2005}
}


@inproceedings{kraunelis2013,
	title={On malware leveraging the Android accessibility framework},
	author={Kraunelis, Joshua and Chen, Yinjie and Ling, Zhen and Fu, Xinwen and Zhao, Wei},
	booktitle={International Conference on Mobile and Ubiquitous Systems: Computing, Networking, and Services},
	pages={512--523},
	year={2013},
	organization={Springer}
}

@inproceedings{diao2019,
	title={Kindness is a risky business: on the usage of the accessibility APIs in Android},
	author={Diao, Wenrui and Zhang, Yue and Zhang, Li and Li, Zhou and Xu, Fenghao and Pan, Xiaorui and Liu, Xiangyu and Weng, Jian and Zhang, Kehuan and Wang, XiaoFeng},
	booktitle={22nd International Symposium on Research in Attacks, Intrusions and Defenses ($\{$RAID$\}$ 2019)},
	pages={261--275},
	year={2019}
}

@inproceedings{qazi2013,
	title={Application-awareness in SDN},
	author={Qazi, Zafar Ayyub and Lee, Jeongkeun and Jin, Tao and Bellala, Gowtham and Arndt, Manfred and Noubir, Guevara},
	booktitle={Proceedings of the ACM SIGCOMM 2013 conference on SIGCOMM},
	pages={487--488},
	year={2013}
}
